% Encoding: UTF-8

@Book{Hunter2004,
  title     = {Monge e O Executivo: Uma Historia Sobre A Essência da Liderança},
  publisher = {Sextante},
  year      = {2004},
  author    = {James C Hunter},
  owner     = {Thiago Raulino Dal Pont},
  timestamp = {14-02-2017},
}

@Comment{jabref-meta: databaseType:bibtex;}

% This file was created with JabRef 2.10b2.
% Encoding: UTF-8
